@book{Spillner:Linz:Schaefer:2014,
	author		= "Andreas Spillner, Tilo Linz and Hans Schaefer",
    title 		= "Software Testing Foundations: A Study Guide for the Certified Tester Exam",
    edition 	= "4th.",
    publisher	= "Rocky Nook Inc.",
    address		= "Santa Barbara, CA 93103",
    year		= "2014"
}

@misc{SML:1965,
  author		= "http://www.sml-bd.com/",
  year			= "1965",
  title			= "Shafi Motors Limited"
}

@misc{SRS:2010,
  author		= "https://techwhirl.com/writing-software-requirements-specifications/",
  year			= "2010",
  title			= "Software Requirements Specification"
}